%YAML 1.1
%TAG !u! tag:unity3d.com,2011:
--- !u!1001 &100100000
Prefab:
  m_ObjectHideFlags: 1
  serializedVersion: 2
  m_Modification:
    m_TransformParent: {fileID: 0}
    m_Modifications: []
    m_RemovedComponents: []
  m_ParentPrefab: {fileID: 0}
  m_RootGameObject: {fileID: 1081733232898020}
  m_IsPrefabParent: 1
--- !u!1 &1081733232898020
GameObject:
  m_ObjectHideFlags: 0
  m_PrefabParentObject: {fileID: 0}
  m_PrefabInternal: {fileID: 100100000}
  serializedVersion: 5
  m_Component:
  - component: {fileID: 4516692470160892}
  - component: {fileID: 114758325381083612}
  - component: {fileID: 114705278107663944}
  m_Layer: 0
  m_Name: Entitas_Maze
  m_TagString: Root
  m_Icon: {fileID: 0}
  m_NavMeshLayer: 0
  m_StaticEditorFlags: 4294967295
  m_IsActive: 1
--- !u!4 &4516692470160892
Transform:
  m_ObjectHideFlags: 1
  m_PrefabParentObject: {fileID: 0}
  m_PrefabInternal: {fileID: 100100000}
  m_GameObject: {fileID: 1081733232898020}
  m_LocalRotation: {x: 0, y: 0, z: 0, w: 1}
  m_LocalPosition: {x: 0, y: 0, z: 0}
  m_LocalScale: {x: 1, y: 1, z: 1}
  m_Children: []
  m_Father: {fileID: 0}
  m_RootOrder: 0
  m_LocalEulerAnglesHint: {x: 0, y: 0, z: 0}
--- !u!114 &114705278107663944
MonoBehaviour:
  m_ObjectHideFlags: 1
  m_PrefabParentObject: {fileID: 0}
  m_PrefabInternal: {fileID: 100100000}
  m_GameObject: {fileID: 1081733232898020}
  m_Enabled: 1
  m_EditorHideFlags: 0
  m_Script: {fileID: 11500000, guid: b5c2427d711200a45a9d5d51249db73f, type: 3}
  m_Name: 
  m_EditorClassIdentifier: 
  _mazeSize: 2
  _roomSize: 10
  _prefab: {fileID: 1762025675951078, guid: 484cc33e2fbebe9489a2d50ed5c1c361, type: 2}
  _seed: 636516068693367540
  _useRandomSeed: 1
--- !u!114 &114758325381083612
MonoBehaviour:
  m_ObjectHideFlags: 1
  m_PrefabParentObject: {fileID: 0}
  m_PrefabInternal: {fileID: 100100000}
  m_GameObject: {fileID: 1081733232898020}
  m_Enabled: 1
  m_EditorHideFlags: 0
  m_Script: {fileID: 11500000, guid: 2f98cbe6d6b11dc4597418e862320935, type: 3}
  m_Name: 
  m_EditorClassIdentifier: 
  SpawnPoint: {fileID: 0}
